<?xml version="1.0" encoding="UTF-8"?>
  <record xmlns="http://www.loc.gov/MARC21/slim" type="Authority">
    <leader>00000nz  a2200000nc 4500</leader>
    <controlfield tag="001">11861486X</controlfield>
    <controlfield tag="003">DE-101</controlfield>
    <controlfield tag="005">20150907095253.0</controlfield>
    <controlfield tag="008">880701n||azznnaabn           | aaa    |c</controlfield>
    <datafield tag="024" ind1="7" ind2=" ">
      <subfield code="a">11861486X</subfield>
      <subfield code="0">http://d-nb.info/gnd/11861486X</subfield>
      <subfield code="2">gnd</subfield>
    </datafield>
    <datafield tag="035" ind1=" " ind2=" ">
      <subfield code="a">(DE-101)11861486X</subfield>
    </datafield>
    <datafield tag="035" ind1=" " ind2=" ">
      <subfield code="a">(DE-588)11861486X</subfield>
    </datafield>
    <datafield tag="035" ind1=" " ind2=" ">
      <subfield code="z">(DE-588)102445346</subfield>
    </datafield>
    <datafield tag="035" ind1=" " ind2=" ">
      <subfield code="z">(DE-588a)102445346</subfield>
      <subfield code="9">v:zg</subfield>
    </datafield>
    <datafield tag="035" ind1=" " ind2=" ">
      <subfield code="z">(DE-588)181771586</subfield>
    </datafield>
    <datafield tag="035" ind1=" " ind2=" ">
      <subfield code="z">(DE-588a)181771586</subfield>
      <subfield code="9">v:zg</subfield>
    </datafield>
    <datafield tag="035" ind1=" " ind2=" ">
      <subfield code="z">(DE-588a)11861486X</subfield>
      <subfield code="9">v:zg</subfield>
    </datafield>
    <datafield tag="035" ind1=" " ind2=" ">
      <subfield code="z">(DE-588c)4055206-8</subfield>
      <subfield code="9">v:zg</subfield>
    </datafield>
    <datafield tag="040" ind1=" " ind2=" ">
      <subfield code="a">DE-101</subfield>
      <subfield code="c">DE-101</subfield>
      <subfield code="9">r:DE-101</subfield>
      <subfield code="b">ger</subfield>
      <subfield code="d">0547</subfield>
    </datafield>
    <datafield tag="042" ind1=" " ind2=" ">
      <subfield code="a">gnd1</subfield>
    </datafield>
    <datafield tag="043" ind1=" " ind2=" ">
      <subfield code="c">XA-AL</subfield>
    </datafield>
    <datafield tag="065" ind1=" " ind2=" ">
      <subfield code="a">8.4p</subfield>
      <subfield code="2">sswd</subfield>
    </datafield>
    <datafield tag="065" ind1=" " ind2=" ">
      <subfield code="a">16.5p</subfield>
      <subfield code="2">sswd</subfield>
    </datafield>
    <datafield tag="075" ind1=" " ind2=" ">
      <subfield code="b">p</subfield>
      <subfield code="2">gndgen</subfield>
    </datafield>
    <datafield tag="075" ind1=" " ind2=" ">
      <subfield code="b">piz</subfield>
      <subfield code="2">gndspec</subfield>
    </datafield>
    <datafield tag="079" ind1=" " ind2=" ">
      <subfield code="a">g</subfield>
      <subfield code="q">f</subfield>
      <subfield code="q">n</subfield>
      <subfield code="q">e</subfield>
      <subfield code="q">s</subfield>
      <subfield code="q">a</subfield>
      <subfield code="u">v</subfield>
      <subfield code="u">w</subfield>
    </datafield>
    <datafield tag="100" ind1="0" ind2=" ">
      <subfield code="a">Georgius</subfield>
      <subfield code="c">Castriota</subfield>
      <subfield code="d">1405-1468</subfield>
    </datafield>
    <datafield tag="375" ind1=" " ind2=" ">
      <subfield code="a">1</subfield>
      <subfield code="2">iso5218</subfield>
    </datafield>
    <datafield tag="400" ind1="0" ind2=" ">
      <subfield code="a">Castriota</subfield>
      <subfield code="c">Scanderberg</subfield>
      <subfield code="d">1405-1468</subfield>
    </datafield>
    <datafield tag="400" ind1="1" ind2=" ">
      <subfield code="a">Castriota, Georges</subfield>
      <subfield code="d">1405-1468</subfield>
    </datafield>
    <datafield tag="400" ind1="1" ind2=" ">
      <subfield code="a">Castriota, Georgius</subfield>
      <subfield code="d">1405-1468</subfield>
    </datafield>
    <datafield tag="400" ind1="0" ind2=" ">
      <subfield code="a">George</subfield>
      <subfield code="c">Castriota</subfield>
      <subfield code="d">1405-1468</subfield>
    </datafield>
    <datafield tag="400" ind1="0" ind2=" ">
      <subfield code="a">George</subfield>
      <subfield code="c">Castriota called Scanderbeg</subfield>
      <subfield code="d">1405-1468</subfield>
    </datafield>
    <datafield tag="400" ind1="0" ind2=" ">
      <subfield code="a">George</subfield>
      <subfield code="c">Castriota, Prince of Epirus</subfield>
      <subfield code="d">1405-1468</subfield>
    </datafield>
    <datafield tag="400" ind1="0" ind2=" ">
      <subfield code="a">Georges</subfield>
      <subfield code="c">Castriota</subfield>
      <subfield code="d">1405-1468</subfield>
    </datafield>
    <datafield tag="400" ind1="0" ind2=" ">
      <subfield code="a">Georges</subfield>
      <subfield code="c">Scanderbeg</subfield>
      <subfield code="d">1405-1468</subfield>
    </datafield>
    <datafield tag="400" ind1="0" ind2=" ">
      <subfield code="a">Gēorgios</subfield>
      <subfield code="c">Kastriotēs</subfield>
      <subfield code="d">1405-1468</subfield>
    </datafield>
    <datafield tag="400" ind1="0" ind2=" ">
      <subfield code="a">Georgius</subfield>
      <subfield code="c">Epirus, Prince</subfield>
      <subfield code="d">1405-1468</subfield>
    </datafield>
    <datafield tag="400" ind1="0" ind2=" ">
      <subfield code="a">Georgius</subfield>
      <subfield code="c">Scanderbeg</subfield>
      <subfield code="d">1405-1468</subfield>
    </datafield>
    <datafield tag="400" ind1="1" ind2=" ">
      <subfield code="a">Kastriota, Gjergj</subfield>
      <subfield code="d">1405-1468</subfield>
    </datafield>
    <datafield tag="400" ind1="1" ind2=" ">
      <subfield code="a">Kastriotēs, Gēorgios</subfield>
      <subfield code="d">1405-1468</subfield>
    </datafield>
    <datafield tag="400" ind1="1" ind2=" ">
      <subfield code="a">Kastriotis, Georg</subfield>
      <subfield code="d">1405-1468</subfield>
    </datafield>
    <datafield tag="400" ind1="0" ind2=" ">
      <subfield code="a">Scanderbeg</subfield>
      <subfield code="d">1405-1468</subfield>
    </datafield>
    <datafield tag="400" ind1="0" ind2=" ">
      <subfield code="a">Scanderberg</subfield>
      <subfield code="d">1405-1468</subfield>
    </datafield>
    <datafield tag="400" ind1="1" ind2=" ">
      <subfield code="a">Scanderbeg, George C.</subfield>
      <subfield code="d">1405-1468</subfield>
    </datafield>
    <datafield tag="400" ind1="1" ind2=" ">
      <subfield code="a">Scanderbeg, Georges</subfield>
      <subfield code="d">1405-1468</subfield>
    </datafield>
    <datafield tag="400" ind1="1" ind2=" ">
      <subfield code="a">Kastriot, Georgius</subfield>
      <subfield code="d">1405-1468</subfield>
    </datafield>
    <datafield tag="400" ind1="1" ind2=" ">
      <subfield code="a">Castriota, Georgios</subfield>
      <subfield code="d">1405-1468</subfield>
    </datafield>
    <datafield tag="400" ind1="1" ind2=" ">
      <subfield code="a">Castriotto, Georgios</subfield>
      <subfield code="d">1405-1468</subfield>
    </datafield>
    <datafield tag="400" ind1="1" ind2=" ">
      <subfield code="a">Castriotto, Giorgio</subfield>
      <subfield code="d">1405-1468</subfield>
    </datafield>
    <datafield tag="400" ind1="1" ind2=" ">
      <subfield code="a">Castriotto, Georg</subfield>
      <subfield code="d">1405-1468</subfield>
    </datafield>
    <datafield tag="400" ind1="1" ind2=" ">
      <subfield code="a">Kastriot, Đurad</subfield>
      <subfield code="d">1405-1468</subfield>
    </datafield>
    <datafield tag="400" ind1="1" ind2=" ">
      <subfield code="a">Castriotus, Georgius</subfield>
      <subfield code="d">1405-1468</subfield>
    </datafield>
    <datafield tag="400" ind1="1" ind2=" ">
      <subfield code="a">Castriota, George</subfield>
      <subfield code="d">1405-1468</subfield>
    </datafield>
    <datafield tag="400" ind1="1" ind2=" ">
      <subfield code="a">Kastrioti, Gjergj</subfield>
      <subfield code="d">1405-1468</subfield>
    </datafield>
    <datafield tag="400" ind1="1" ind2=" ">
      <subfield code="a">Kastriota, Georg</subfield>
      <subfield code="d">1405-1468</subfield>
    </datafield>
    <datafield tag="400" ind1="1" ind2=" ">
      <subfield code="a">Kastriōtēs-Skentermpeēs, Geōrgios</subfield>
      <subfield code="d">1405-1468</subfield>
    </datafield>
    <datafield tag="400" ind1="1" ind2=" ">
      <subfield code="a">Skentermpeēs, Geōrgios Kastriōtēs-</subfield>
      <subfield code="d">1405-1468</subfield>
    </datafield>
    <datafield tag="400" ind1="1" ind2=" ">
      <subfield code="a">Kastrioti Skënderbe, Gjergj</subfield>
      <subfield code="d">1405-1468</subfield>
    </datafield>
    <datafield tag="400" ind1="1" ind2=" ">
      <subfield code="a">Kastrioti Scanderbeg, Gjergj</subfield>
      <subfield code="d">1405-1468</subfield>
    </datafield>
    <datafield tag="400" ind1="1" ind2=" ">
      <subfield code="a">Kastriot-Scanderbeg, George</subfield>
      <subfield code="d">1405-1468</subfield>
    </datafield>
    <datafield tag="400" ind1="1" ind2=" ">
      <subfield code="a">Castriota Scanderbeg, Georg</subfield>
      <subfield code="d">1405-1468</subfield>
    </datafield>
    <datafield tag="400" ind1="1" ind2=" ">
      <subfield code="a">Scanderbeg, Georg Castriota</subfield>
      <subfield code="d">1405-1468</subfield>
    </datafield>
    <datafield tag="400" ind1="1" ind2=" ">
      <subfield code="a">Skënderbe, Gjergj Kastrioti</subfield>
      <subfield code="d">1405-1468</subfield>
    </datafield>
    <datafield tag="400" ind1="1" ind2=" ">
      <subfield code="a">Skenderbeu, Gjergj Kastrioti</subfield>
      <subfield code="d">1405-1468</subfield>
    </datafield>
    <datafield tag="400" ind1="1" ind2=" ">
      <subfield code="a">Skanderbeg, Georg Kastriota</subfield>
      <subfield code="d">1405-1468</subfield>
    </datafield>
    <datafield tag="400" ind1="1" ind2=" ">
      <subfield code="a">Kastriota Skanderbeg, Georg</subfield>
      <subfield code="d">1405-1468</subfield>
    </datafield>
    <datafield tag="400" ind1="1" ind2=" ">
      <subfield code="a">Kastriotić-Skenderbeg, Đorđe</subfield>
      <subfield code="d">1405-1468</subfield>
    </datafield>
    <datafield tag="400" ind1="1" ind2=" ">
      <subfield code="a">Scanderbeg, Georgios</subfield>
      <subfield code="d">1405-1468</subfield>
    </datafield>
    <datafield tag="400" ind1="1" ind2=" ">
      <subfield code="a">Scanderbek, Georgius</subfield>
      <subfield code="d">1405-1468</subfield>
    </datafield>
    <datafield tag="400" ind1="1" ind2=" ">
      <subfield code="a">Skanderbeg, Georgios</subfield>
      <subfield code="d">1405-1468</subfield>
    </datafield>
    <datafield tag="400" ind1="0" ind2=" ">
      <subfield code="a">Castriotus</subfield>
      <subfield code="d">1405-1468</subfield>
    </datafield>
    <datafield tag="400" ind1="0" ind2=" ">
      <subfield code="a">Scanderbegus</subfield>
      <subfield code="d">1405-1468</subfield>
    </datafield>
    <datafield tag="400" ind1="0" ind2=" ">
      <subfield code="a">Skënderbeg</subfield>
      <subfield code="d">1405-1468</subfield>
    </datafield>
    <datafield tag="400" ind1="0" ind2=" ">
      <subfield code="a">Skenderbei</subfield>
      <subfield code="d">1405-1468</subfield>
    </datafield>
    <datafield tag="400" ind1="1" ind2=" ">
      <subfield code="a">Iskender, Bey</subfield>
      <subfield code="d">1405-1468</subfield>
    </datafield>
    <datafield tag="400" ind1="1" ind2=" ">
      <subfield code="a">Alexander, Magnus</subfield>
      <subfield code="d">1405-1468</subfield>
    </datafield>
    <datafield tag="400" ind1="0" ind2=" ">
      <subfield code="a">Skanderbeg</subfield>
      <subfield code="d">1405-1468</subfield>
    </datafield>
    <datafield tag="400" ind1="1" ind2=" ">
      <subfield code="a">Kastriotto, Georg</subfield>
      <subfield code="d">1405-1468</subfield>
    </datafield>
    <datafield tag="400" ind1="1" ind2=" ">
      <subfield code="a">Skënderbeu, Gjergj Kastrioti</subfield>
      <subfield code="d">1405-1468</subfield>
    </datafield>
    <datafield tag="400" ind1="1" ind2=" ">
      <subfield code="a">Kastrioti, Gjergj Skënderbeu</subfield>
      <subfield code="d">1405-1468</subfield>
    </datafield>
    <datafield tag="400" ind1="0" ind2=" ">
      <subfield code="a">Scan drebec</subfield>
      <subfield code="c">Albanien, König</subfield>
      <subfield code="d">1405-1468</subfield>
    </datafield>
    <datafield tag="500" ind1="0" ind2=" ">
      <subfield code="0">(DE-101)1035622408</subfield>
      <subfield code="0">(DE-588)1035622408</subfield>
      <subfield code="0">https://d-nb.info/gnd/1035622408</subfield>
      <subfield code="a">Hamaza</subfield>
      <subfield code="c">Castriota</subfield>
      <subfield code="4">bezf</subfield>
      <subfield code="4">https://d-nb.info/standards/elementset/gnd#familialRelationship</subfield>
      <subfield code="w">r</subfield>
      <subfield code="i">Beziehung familiaer</subfield>
      <subfield code="e">Beziehung familiaer</subfield>
      <subfield code="9">v:Neffe</subfield>
    </datafield>
    <datafield tag="548" ind1=" " ind2=" ">
      <subfield code="a">1405-1468</subfield>
      <subfield code="4">datl</subfield>
      <subfield code="4">https://d-nb.info/standards/elementset/gnd#dateOfBirthAndDeath</subfield>
      <subfield code="w">r</subfield>
      <subfield code="i">Lebensdaten</subfield>
    </datafield>
    <datafield tag="550" ind1=" " ind2=" ">
      <subfield code="0">(DE-101)042388767</subfield>
      <subfield code="0">(DE-588)4238876-4</subfield>
      <subfield code="0">https://d-nb.info/gnd/4238876-4</subfield>
      <subfield code="a">Feldherr</subfield>
      <subfield code="4">berc</subfield>
      <subfield code="4">https://d-nb.info/standards/elementset/gnd#professionOrOccupation</subfield>
      <subfield code="w">r</subfield>
      <subfield code="i">Charakteristischer Beruf</subfield>
    </datafield>
    <datafield tag="550" ind1=" " ind2=" ">
      <subfield code="0">(DE-101)04247745X</subfield>
      <subfield code="0">(DE-588)4247745-1</subfield>
      <subfield code="0">https://d-nb.info/gnd/4247745-1</subfield>
      <subfield code="a">Nationalheld</subfield>
      <subfield code="4">beru</subfield>
      <subfield code="4">https://d-nb.info/standards/elementset/gnd#professionOrOccupation</subfield>
      <subfield code="w">r</subfield>
      <subfield code="i">Beruf</subfield>
    </datafield>
    <datafield tag="667" ind1=" " ind2=" ">
      <subfield code="a">12-PMA:Suppl.</subfield>
    </datafield>
    <datafield tag="667" ind1=" " ind2=" ">
      <subfield code="a">12</subfield>
    </datafield>
    <datafield tag="667" ind1=" " ind2=" ">
      <subfield code="a">VD-17</subfield>
    </datafield>
    <datafield tag="667" ind1=" " ind2=" ">
      <subfield code="a">Red. SSG</subfield>
    </datafield>
    <datafield tag="670" ind1=" " ind2=" ">
      <subfield code="a">LMA,IV,1278/79</subfield>
    </datafield>
    <datafield tag="670" ind1=" " ind2=" ">
      <subfield code="a">M</subfield>
    </datafield>
    <datafield tag="670" ind1=" " ind2=" ">
      <subfield code="a">LCAuth</subfield>
    </datafield>
    <datafield tag="678" ind1=" " ind2=" ">
      <subfield code="a">Internet</subfield>
      <subfield code="b">Alban. Feldherr und Nationalheld</subfield>
      <subfield code="u">http://de.wikipedia.org/wiki/Skanderbeg</subfield>
    </datafield>
    <datafield tag="700" ind1="0" ind2="7">
      <subfield code="a">Scanderbeg</subfield>
      <subfield code="d">1405-1468</subfield>
      <subfield code="0">http://lccn.loc.gov/n50016935</subfield>
      <subfield code="2">naf</subfield>
      <subfield code="9">v:1405?-1468</subfield>
    </datafield>
    <datafield tag="913" ind1=" " ind2=" ">
      <subfield code="S">pnd</subfield>
      <subfield code="i">5</subfield>
      <subfield code="a">Georgius &lt;Castriota&gt;</subfield>
      <subfield code="0">(DE-588a)11861486X</subfield>
    </datafield>
    <datafield tag="913" ind1=" " ind2=" ">
      <subfield code="S">pnd</subfield>
      <subfield code="i">5</subfield>
      <subfield code="a">Skanderbeg</subfield>
      <subfield code="0">(DE-588a)11861486X</subfield>
    </datafield>
    <datafield tag="913" ind1=" " ind2=" ">
      <subfield code="S">pnd</subfield>
      <subfield code="i">a</subfield>
      <subfield code="a">Kastriotto, Georg</subfield>
      <subfield code="0">(DE-588a)181771586</subfield>
    </datafield>
    <datafield tag="913" ind1=" " ind2=" ">
      <subfield code="S">pnd</subfield>
      <subfield code="i">a</subfield>
      <subfield code="a">Castriotus, Georgius</subfield>
      <subfield code="0">(DE-588a)102445346</subfield>
    </datafield>
  </record>
